@Book{math_book,
 author    = "Granino A. Korn and Theresa M. Korn",
 title     = "Mathematical Handbook for Scientists and Engineers: 
	Definitions, Theorems, and Formulas for Reference and Review",
 publisher = "Dover",
 year      =  2000,
 address   = "New York",
 isbn	   = "0-486-41147-8"
}

@Book{info_measure,
 author    = "C. Arndt",
 title     = "Information Measures: Information and its description in Science and Engineering",
 publisher = "Springer",
 year      =  2001,
 address   = "Berlin",
 isbn	   = "3-540-41633-1"
}

@article{entropy,
 author = {Shannon, C. E.},
 title = {Mathematical Handbook for Scientists and Engineers: 
	Definitions, Theorems, and Formulas for Reference and Review},
 journal = {SIGMOBILE Mob. Comput. Commun. Rev.},
 volume = {5},
 number = {1},
 year = {2001},
 issn = {1559-1662},
 pages = {3--55},
 doi = {http://doi.acm.org/10.1145/584091.584093},
 publisher = {ACM},
 address = {New York, NY, USA},
 }

@INPROCEEDINGS{entropic_wang,
    author = {Yevgeniy Dodis},
    title = {Entropic security and the encryption of high entropy messages},
    booktitle = {In Theory of Cryptography Conference (TCC) ¡¯05},
    year = {2005},
    pages = {556--577},
    publisher = {Springer-Verlag}
}

@INPROCEEDINGS{Canetti97towardsrealizing,
    author = {Ran Canetti},
    title = {Towards realizing random oracles: Hash functions that hide all partial information},
    booktitle = {},
    year = {1997},
    pages = {455--469},
    publisher = {Springer-Verlag}
}

@MISC{Canetti_perfectlyone-way,
    author = {Ran Canetti and Daniele Micciancio and Omer Reingold},
    title = {Perfectly One-Way Probabilistic Hash Functions },
    year = {}
}

@MISC{Russel02howto,
    author = {Alexander Russel and Short Key and Er Russell and Hong Wang},
    title = {How to Fool an Unbounded Adversary with a Short Key},
    year = {2002}
}

@inproceedings{lzf1,
 author = {Rabkin, Ariel},
 title = {Personal knowledge questions for fallback authentication: security questions in the era of Facebook},
 booktitle = {SOUPS '08: Proceedings of the 4th symposium on Usable privacy and security},
 year = {2008},
 isbn = {978-1-60558-276-4},
 pages = {13--23},
 location = {Pittsburgh, Pennsylvania},
 doi = {http://doi.acm.org/10.1145/1408664.1408667},
 publisher = {ACM},
 address = {New York, NY, USA},
 }

@article{lzf2,
 author = {Jagatic, Tom N. and Johnson, Nathaniel A. and Jakobsson, Markus and Menczer, Filippo},
 title = {Social phishing},
 journal = {Commun. ACM},
 volume = {50},
 number = {10},
 year = {2007},
 issn = {0001-0782},
 pages = {94--100},
 doi = {http://doi.acm.org/10.1145/1290958.1290968},
 publisher = {ACM},
 address = {New York, NY, USA},
 }

@inproceedings{lzf3,
 author = {Buchegger, Sonja and Datta, Anwitaman},
 title = {A case for P2P infrastructure for social networks - opportunities \& challenges},
 booktitle = {WONS'09: Proceedings of the Sixth international conference on Wireless On-Demand Network Systems and Services},
 year = {2009},
 isbn = {978-1-4244-3374-2},
 pages = {149--156},
 location = {Snowbird, Utah, USA},
 publisher = {IEEE Press},
 address = {Piscataway, NJ, USA},
 }

@inproceedings{lzf4,
 author = {Buchegger, Sonja and Schi\"{o}berg, Doris and Vu, Le-Hung and Datta, Anwitaman},
 title = {PeerSoN: P2P social networking: early experiences and insights},
 booktitle = {SNS '09: Proceedings of the Second ACM EuroSys Workshop on Social Network Systems},
 year = {2009},
 isbn = {978-1-60558-463-8},
 pages = {46--52},
 location = {Nuremberg, Germany},
 doi = {http://doi.acm.org/10.1145/1578002.1578010},
 publisher = {ACM},
 address = {New York, NY, USA},
 }

@inproceedings{lzf5,
 author = {Anderson, Jonathan and Diaz, Claudia and Bonneau, Joseph and Stajano, Frank},
 title = {Privacy-enabling social networking over untrusted networks},
 booktitle = {WOSN '09: Proceedings of the 2nd ACM workshop on Online social networks},
 year = {2009},
 isbn = {978-1-60558-445-4},
 pages = {1--6},
 location = {Barcelona, Spain},
 doi = {http://doi.acm.org/10.1145/1592665.1592667},
 publisher = {ACM},
 address = {New York, NY, USA},
 }

@MISC{leakage,
    author = {Balachander {Krishnamurthy} and Craig E. Wills},
    title = {On the Leakage of Personally Identifiable Information Via Online Social Networks},
    year = {}
}

@MISC{charact,
    author = {Balachander Krishnamurthy and Craig E. Wills},
    title = {Characterizing Privacy in Online Social Networks},
    year = {}
}

@misc{guide,
	author	=	"Erica McCallister and Tim Grance and Karen Scarfone",
	title	=	"Guide to Protecting the Confidentiality of Personally
					Identifiable Information (PII)",
	year	=	2010,
	url		=	"http://csrc.nist.gov/publications/nistpubs/800-122/sp800-122.pdf"
}

@misc{facebook,
	title	=	"Facebook",
	url		=	"http://www.facebook.com/"
}
